% Analyses
    @article{atlas_displaced,
      author   = "{ATLAS Collaboration}",
      title    = "Search for long-lived, massive particles in events with displaced vertices and missing transverse momentum in $\sqrt{s} = 13$ {T}e{V} $pp$ collisions with the ATLAS detector",
      journal  = "ATLAS-CONF-2017-026",
      year = "CERN, Geneva, 2017",
    }

    @article{atlas_disappearing,
      author   = "{ATLAS Collaboration}",
      title    = "Search for long-lived charginos based on a disappearing-track signature in $pp$ collisions at $\sqrt{s} = 13$ {T}e{V} with the {ATLAS} detector",
      journal  = "ATLAS-CONF-2017-017",
      year = "CERN, Geneva, 2017",
    }

    @article{cms_stopped,
      author   = "{CMS Collaboration}",
      title    = "Search for long-lived particles that stop in the {CMS} detector and decay to muons at $\sqrt{s} = 13$ {T}e{V}",
      journal  = "CMS-PAS-EXO-17-004",
      year = "CERN, Geneva, 2017",
    }

    @article{cms_hscp,
      author   = "{CMS Collaboration}",
      title    = "Search for Long-lived Charged Particles in Proton-Proton Collisions at $\sqrt{s} = 13$ {T}e{V}",
      journal  = "CMS-PAS-EXO-15-010",
      year = "CERN, Geneva, 2017",
    }

% CMS
    @article{cms_experiment,
        author = "{CMS Collaboration}",
        title = "The {CMS} experiment at the {CERN} {LHC}",
        journal = "JINST",
        year = 2008,
        volume = 3,
        pages = "S08004",
        doi = "10.1088/1748-0221/3/08/S08004",
    }

    @article{cms_tdr,
        author         = "Bayatian, G. L. and others",
        title          = "{CMS physics: Technical design report}",
        collaboration  = "CMS",
        year           = "2006",
        reportNumber   = "CERN-LHCC-2006-001, CMS-TDR-008-1",
    }

    @article{cms_pixel_upgrade,
        author={Anirban Saha},
        title={Phase 1 upgrade of the CMS pixel detector},
        journal={Journal of Instrumentation},
        volume={12},
        number={02},
        pages={C02033},
        url={http://stacks.iop.org/1748-0221/12/i=02/a=C02033},
        year={2017},
    }

    @article{cms_trigger_upgrade,
        author={L. Cadamuro},
        title={The CMS Level-1 trigger system for LHC Run II},
        journal={Journal of Instrumentation},
        volume={12},
        number={03},
        pages={C03021},
        url={http://stacks.iop.org/1748-0221/12/i=03/a=C03021},
        year={2017},
    }

% SUSY
    @article{primer,
        author         = "Martin, Stephen P.",
        title          = "{A Supersymmetry primer}",
        year           = "1997",
        doi            = "10.1142/9789812839657_0001, 10.1142/9789814307505_0001",
        note           = "[Adv. Ser. Direct. High Energy Phys.18,1(1998)]",
        eprint         = "hep-ph/9709356",
        archivePrefix  = "arXiv",
        primaryClass   = "hep-ph",
        reportNumber   = "FERMILAB-PUB-97-425-T",
    }

    @article{dimopoulos_low_energy,
        author         = "Dimopoulos, Savas and Dine, Michael and Raby, Stuart and Thomas, Scott D.",
        title          = "{Experimental signatures of low-energy gauge mediated supersymmetry breaking}",
        journal        = "Phys. Rev. Lett.",
        volume         = "76",
        year           = "1996",
        pages          = "3494-3497",
        doi            = "10.1103/PhysRevLett.76.3494",
        eprint         = "hep-ph/9601367",
        archivePrefix  = "arXiv",
        primaryClass   = "hep-ph",
    }

    @article{kilian_split,
        author         = "Kilian, W. and Plehn, T. and Richardson, P. and Schmidt, E.",
        title          = "{Split supersymmetry at colliders}",
        journal        = "Eur. Phys. J.",
        volume         = "C39",
        year           = "2005",
        pages          = "229-243",
        doi            = "10.1140/epjc/s2004-02046-5",
        eprint         = "hep-ph/0408088",
        archivePrefix  = "arXiv",
        primaryClass   = "hep-ph",
        reportNumber   = "DESY-04-136, CERN-PH-TH-2004-144, IPPP-04-46, DCPT-04-92",
    }

    @article{randall_sundrum_out_of_this_world,
        author         = "Randall, Lisa and Sundrum, Raman",
        title          = "{Out of this world supersymmetry breaking}",
        journal        = "Nucl. Phys.",
        volume         = "B557",
        year           = "1999",
        pages          = "79-118",
        doi            = "10.1016/S0550-3213(99)00359-4",
        eprint         = "hep-th/9810155",
        archivePrefix  = "arXiv",
        primaryClass   = "hep-th",
        reportNumber   = "MIT-CTP-2788, PUPT-1815, BUHEP-98-26",
    }

% LLP
    @article{fate,
        author         = "Liu, Zhen and Tweedie, Brock",
        title          = "{The Fate of Long-Lived Superparticles with Hadronic
        Decays after LHC Run 1}",
        journal        = "JHEP",
        volume         = "06",
        year           = "2015",
        pages          = "042",
        doi            = "10.1007/JHEP06(2015)042",
        eprint         = "1503.05923",
        archivePrefix  = "arXiv",
        primaryClass   = "hep-ph",
        reportNumber   = "PITT-PACC-1503, FERMILAB-PUB-15-087-T",
    }

% Naturalness
    @article{giudice_naturally,
        author         = "Giudice, Gian Francesco",
        title          = "{Naturally Speaking: The Naturalness Criterion and Physics at the LHC}",
        year           = "2008",
        doi            = "10.1142/9789812779762_0010",
        eprint         = "0801.2562",
        archivePrefix  = "arXiv",
        primaryClass   = "hep-ph",
    }

    @article{thooft_naturalness,
        author         = "'t Hooft, Gerard",
        title          = "{Naturalness, chiral symmetry, and spontaneous chiral symmetry breaking}",
        booktitle      = "{Recent Developments in Gauge Theories. Proceedings, Nato Advanced Study Institute, Cargese, France, August 26 - September 8, 1979}",
        journal        = "NATO Sci. Ser. B",
        volume         = "59",
        year           = "1980",
        pages          = "135-157",
        doi            = "10.1007/978-1-4684-7571-5_9",
        reportNumber   = "PRINT-80-0083 (UTRECHT)",
    }

    @article{dine_naturalness,
        author         = "Dine, Michael",
        title          = "{Naturalness Under Stress}",
        journal        = "Ann. Rev. Nucl. Part. Sci.",
        volume         = "65",
        year           = "2015",
        pages          = "43-62",
        doi            = "10.1146/annurev-nucl-102014-022053",
        eprint         = "1501.01035",
        archivePrefix  = "arXiv",
        primaryClass   = "hep-ph",
        reportNumber   = "SCIPP-14-15",
    }

% Natural SUSY
    @article{feng,
        author         = "Feng, Jonathan L.",
        title          = "{Naturalness and the Status of Supersymmetry}",
        journal        = "Ann. Rev. Nucl. Part. Sci.",
        volume         = "63",
        year           = "2013",
        pages          = "351-382",
        doi            = "10.1146/annurev-nucl-102010-130447",
        eprint         = "1302.6587",
        archivePrefix  = "arXiv",
        primaryClass   = "hep-ph",
        reportNumber   = "UCI-TR-2013-01",
    }

    @inproceedings{craig,
        author         = "Craig, Nathaniel",
        title          = "{The State of Supersymmetry after Run I of the LHC}",
        booktitle      = "{Beyond the Standard Model after the first run of the LHC Arcetri, Florence, Italy, May 20-July 12, 2013}",
        url            = "https://inspirehep.net/record/1252552/files/arXiv:1309.0528.pdf",
        year           = "2013",
        eprint         = "1309.0528",
        archivePrefix  = "arXiv",
        primaryClass   = "hep-ph",
    }

    @article{cornering,
        author         = "Buckley, Matthew R. and Feld, David and Macaluso,
        Sebastian and Monteux, Angelo and Shih, David",
        title          = "{Cornering Natural SUSY at LHC Run II and Beyond}",
        year           = "2016",
        eprint         = "1610.08059",
        archivePrefix  = "arXiv",
        primaryClass   = "hep-ph",
    }

% Miscellaneous
    @article{atlas_higgs,
      author = "{ATLAS Collaboration}",
      title = "Observation of a new particle in the search for the standard model {H}iggs boson with the {ATLAS} detector at the {LHC}",
      journal = "Phys. Lett. B",
      year = 2012,
      volume = 716,
      pages = 1,
      eprint = "1207.7214",
      archivePrefix = "arXiv",
      primaryClass = "hep-ex",
      doi = "10.1016/j.physletb.2012.08.020",
    }

    @article{cms_higgs,
      author = "{CMS Collaboration}",
      title = "Observation of a new boson at a mass of 125 {G}e{V} with the {CMS} experiment at the {LHC}",
      journal = "Phys. Lett. B",
      year = 2012,
      volume = 716,
      pages = 30,
      eprint = "1207.7235",
      archivePrefix = "arXiv",
      primaryClass = "hep-ex",
      doi = "10.1016/j.physletb.2012.08.021",
    }

    @article{tikz,
        author = "Joshua Ellis",
        title =  "TikZ-Feynman: Feynman diagrams with TikZ",
        eprint = "1601.05437",
        archivePrefix = "arXiv",
        primaryClass = "hep-ph",
    }

    @inproceedings{sm_intro,
        author         = "Novaes, S. F.",
        title          = "{Standard model: An Introduction}",
        booktitle      = "{Particles and fields. Proceedings, 10th Jorge Andre Swieca Summer School, Sao Paulo, Brazil, February 6-12, 1999}",
        year           = "1999",
        pages          = "5-102",
        eprint         = "hep-ph/0001283",
        archivePrefix  = "arXiv",
        primaryClass   = "hep-ph",
        reportNumber   = "IFT-P-010-2000",
    }




% Andrew's for reference
    @article{weinberg,
      author = "Weinberg, S.",
      title = "A model of leptons",
      journal = "Phys. Rev. Lett.",
      year = 1967,
      volume = 19,
      pages = 1264,
      doi = "10.1103/PhysRevLett.19.1264",
    }

    @article{glashow,
      author = "Glashow, S. L.",
      title = "Partial-symmetries of weak interactions",
      journal = "Nucl. Phys.",
      year = 1961,
      volume = 22,
      pages = 579,
      doi = "10.1016/0029-5582(61)90469-2",
    }

    @incollection{salam,
      author = "Salam, A.",
      title = "Weak and electromagnetic interactions",
      booktitle = "Elementary Particle Physics: Relativistic Groups and Analyticity",
      publisher = "Almquvist \& Wiskell",
      year = 1968,
      editor = "Svartholm, N.",
      note = "Proceedings of the eighth Nobel symposium",
    }

    @article{thooftVeltman,
      author = "'t Hooft, G. and Veltman, M.",
      title = "Regularization and renormalization of gauge fields",
      journal = "Nucl. Phys.",
      year = 1972,
      volume = "B44",
      pages = 189,
      doi = "10.1016/0550-3213(72)90279-9",
    }

    @article{englertBrout,
      author = "Englert, F. and Brout, R.",
      title = "Broken symmetry and the mass of gauge vector mesons",
      journal = "Phys. Rev. Lett.",
      year = 1964,
      volume = 13,
      pages = 321,
      doi = "10.1103/PhysRevLett.13.321",
    }

    @article{guralnikHagenKibble,
      author = "Guralnik, G. S. and Hagen, C. R. and Kibble, T. W. B.",
      title = "Global conservation laws and massless particles",
      journal = "Phys. Rev. Lett.",
      year = 1964,
      volume = 13,
      pages = 585,
      doi = "10.1103/PhysRevLett.13.585",
    }

    @article{higgs0,
      author = "Higgs, P. W.",
      title = "Broken symmetries, massless particles and gauge fields",
      journal = "Phys. Lett.",
      year = 1964,
      volume = 12,
      pages = 132,
      doi = "10.1016/0031-9163(64)91136-9",
    }

    @article{higgs1,
      author = "Higgs, P. W.",
      title = "Broken symmetries and the masses of gauge bosons",
      journal = "Phys. Rev. Lett.",
      year = 1964,
      volume = 13,
      pages = 508,
      doi = "10.1103/PhysRevLett.13.508",
    }

    @article{higgs2,
      author = "Higgs, P. W.",
      title = "Spontaneous symmetry breakdown without massless bosons",
      journal = "Phys. Rev.",
      year = 1966,
      volume = 145,
      pages = 1156,
      doi = "10.1103/PhysRev.145.1156",
    }

    @article{kibble,
      author = "Kibble, T. W. B.",
      title = "Symmetry breaking in non-abelian gauge theories",
      journal = "Phys. Rev.",
      year = 1967,
      volume = 155,
      pages = 1554,
      doi = "10.1103/PhysRev.155.1554",
    }

    @article{baroneSpin,
      author = "Barone, V. and Bradamante, F. and Martin, A.",
      title = "Transverse-spin and transverse-momentum effects in high-energy processes",
      journal = "Prog. Part. Nucl. Phys.",
      year = 2010,
      volume = 65,
      pages = 267,
      eprint = "1011.0909",
      archivePrefix = "arXiv",
      primaryClass = "hep-ph",
    }

    @article{collinsSoper,
      author = "Collins, J. C. and Soper, D. E.",
      title = "Angular distribution of dileptons in high-energy hadron collisions",
      journal = "Phys. Rev. D",
      year = 1977,
      volume = 16,
      pages = 2219,
      doi = "10.1103/PhysRevD.16.2219",
    }

    @article{gaoSpin,
      author = "Gao, Y. and Gritsan, A. V. and Guo, Z. and Melnikov, K. and Schulze, M. and Tran, N. V.",
      title = "Spin determination of single-produced resonances at hadron colliders",
      journal = "Phys. Rev. D",
      year = 2010,
      volume = 81,
      pages = 075022,
      eprint = "1001.3396",
      archivePrefix = "arXiv",
      primaryClass = "hep-ph",
    }

    @article{goldstone0,
      author = "Goldstone, J.",
      title = "Field theories with superconductor solutions",
      journal = "Nuovo Cimento",
      year = 1961,
      volume = 19,
      pages = 154,
      doi = "10.1007/BF02812722",
    }

    @article{goldstone1,
      author = "Goldstone, J. and Salam, A. and Weinberg, S.",
      title = "Broken symmetries",
      journal = "Phys. Rev.",
      year = 1962,
      volume = 127,
      pages = 965,
      doi = "10.1103/PhysRev.127.965",
    }

    @article{nambu,
      author = "Nambu, Y.",
      title = "Quasi-particles and gauge invariance in the theory of superconductivity",
      journal = "Phys. Rev.",
      year = 1960,
      volume = 117,
      pages = 648,
      doi = "10.1103/PhysRev.117.648",
    }

    @article{landauPhoton,
      author = "Landau, L. D.",
      title = "On the angular momentum of a two-photon system",
      journal = "Dokl. Akad. Nauk. Ser. Fiz.",
      year = 1948,
      volume = 60,
      pages = 207,
    }

    @inproceedings{novaesStandardModel,
      author = "Novaes, S. F.",
      title = "Standard model: an introduction",
      booktitle = "Particles and Fields: Proceedings of the XI J. A. Swieca Summer School",
      year = 2000,
      publisher = "World Scientific, Singapore",
      eprint = "hep-ph/0001283",
      archivePrefix = "arXiv",
      primaryClass = "hep-ph",
    }

    @misc{pichHiggsBoson,
      author = "Pich, A.",
      title = "The physics of the {H}iggs-like boson",
      howpublished = "Invited talk at the \emph{Large Hadron Collider Physics Conference} (\emph{LHCP 2013})",
      year = 2013,
      eprint = "1307.7700",
      archivePrefix = "arXiv",
      primaryClass = "hep-ph",
    }

    @article{yangPhoton,
      author = "Yang, C. N.",
      title = "Selection rules for the dematerialization of a particle into two photons",
      journal = "Phys. Rev.",
      year = 1950,
      volume = 77,
      pages = 242,
      doi = "10.1103/PhysRev.77.242",
    }

    @article{cmsDiphotonProperties,
      author = "{CMS Collaboration}",
      title = "Properties of the observed {H}iggs-like resonance decaying into two photons",
      journal = "CMS-PAS-HIG-13-016",
      year = "CERN, Geneva, 2013",
      cds = 1558930,
    }

    @article{cmsZZProperties,
      author = "{CMS Collaboration}",
      title = "Properties of the {H}iggs-like boson in the decay $\Higgs \rightarrow \Z \Z \rightarrow 4 \ell$ in $\p\p$ collisions at $\sqrt{s} = 7$ and $8\TeV$",
      journal = "CMS-PAS-HIG-13-002",
      year = "CERN, Geneva, 2013",
      cds = 1523767,
    }

    @article{cmsProperties,
      author = "{CMS Collaboration}",
      title = "Measurements of the properties of the new boson with a mass near $125\GeV$",
      journal = "CMS-PAS-HIG-13-005",
      year = "CERN, Geneva, 2013",
      cds = 1542387,
    }


    @article{atlasSpin,
      author = "{ATLAS Collaboration}",
      title = "Evidence for the spin-0 nature of the {H}iggs boson using {ATLAS} data",
      journal = "\emph{Submitted to} Phys. Lett. B",
      year = 2013,
      eprint = "1307.1432",
      archivePrefix = "arXiv",
      primaryClass = "hep-ex",
    }

    @article{atlasDetector,
      author = "{ATLAS Collaboration}",
      title = "The {ATLAS} experiment at the {CERN} {L}arge {H}adron {C}ollider",
      journal = "JINST",
      year = 2008,
      volume = 3,
      pages = "S08003",
      doi = "10.1088/1748-0221/3/08/S08003",
    }

    @article{atlasMass,
      author = "{ATLAS Collaboration}",
      title = "Combined measurements of the mass and signal strength of the {H}iggs-like boson with the {ATLAS} detector using up to $25\fbinv$ of proton-proton collision data",
      journal = "ATLAS-CONF-2013-014",
      year = "CERN, Geneva, 2013",
      cds = 1523727,
    }

    @article{electroweakFit,
      author = "Baak, M. and Goebel, M. and Haller, J. and Hoecker, A. and Kennedy, D. and Kogler, R. and Moenig, K. and Schott, M. and Stelzer, J.",
      title = "The electroweak fit of the standard model after the discovery of a new boson at the {LHC}",
      journal = "Eur. Phys. J.",
      year = 2012,
      volume = "C72",
      pages = 2205,
      eprint = "1209.2716",
      archivePrefix = "arXiv",
      primaryClass = "hep-ph",
      doi = "10.1140/epjc/s10052-012-2205-9",
    }

    @misc{cms3D,
      author = "{CMS Collaboration}",
      title = "3{D} {S}ketch{U}p images of the {CMS} detector",
      howpublished = "CMS Document 11514-v1",
      year = 2012,
      cms-docdb = 11514,
    }

    @article{pdg,
      author = "Beringer, J. and others",
      title = "Review of Particle Physics",
      journal = "Phys. Rev. D",
      year = 2012,
      volume = 86,
      pages = 010001,
      doi = "10.1088/0954-3899/37/7A/075021",
    }

    @article{atlasCouplings,
      author = "{ATLAS Collaboration}",
      title = "Combined coupling measurements of the {H}iggs-like boson with the {ATLAS} detector using up to $25\fbinv$ of proton-proton collision data",
      journal = "ATLAS-CONF-2013-034",
      year = "CERN, Geneva, 2013",
      cds = 1528170,
    }

    @article{higgsHandbook1,
      author         = "{LHC Higgs Cross Section Working Group} and Dittmaier, S. and Mariotti, C. and Passarino, G. and Tanaka (Eds.), R.",
      title         = "{Handbook of LHC Higgs Cross Sections: 1. Inclusive Observables}",
      journal         = "CERN-2011-002",
      year         = "CERN, Geneva, 2011",
      eprint         = "1101.0593",
      archivePrefix   = "arXiv",
      primaryClass   = "hep-ph",
      doi = "10.5170/CERN-2011-002",
    }

    @article{higgsHandbook2,
      author         = "{LHC Higgs Cross Section Working Group} and Dittmaier, S. and Mariotti, C. and Passarino, G. and Tanaka (Eds.), R.",
      title         = "{Handbook of LHC Higgs Cross Sections: 2. Differential Distributions}",
      journal         = "CERN-2012-002",
      year         = "CERN, Geneva, 2012",
      eprint         = "1201.3084",
      archivePrefix   = "arXiv",
      primaryClass   = "hep-ph",
      doi = "10.5170/CERN-2012-002",
    }

    @article{higgsHandbook3,
      author         = "{LHC Higgs Cross Section Working Group} and Heinemeyer, S. and Mariotti, C. and Passarino, G. and Tanaka (Eds.), R.", 
      title         = "{Handbook of LHC Higgs Cross Sections: 3. Higgs Properties}",
      journal         = "CERN-2013-004",
      year         = "CERN, Geneva, 2013",
      eprint         = "1307.1347",
      archivePrefix   = "arXiv",
      primaryClass   = "hep-ph",
    }

    @article{runningCouplings,
      author         = "Buttazzo, D. and Degrassi, G. and Giardino, P. P. and Giudice, G. F. and Sala, F. and Salvio, A. and Strumia, A.",
      title         = "Investigating the near-criticality of the {H}iggs boson",
      journal = "CERN-PH-TH-2013-166",
      year         = "CERN, Geneva, 2013",
      eprint         = "1307.3536",
      archivePrefix   = "arXiv",
      primaryClass   = "hep-ph",
    }

    @article{lhc,
      author         = "Evans, L. and Bryant, (Eds.) P.",
      title         = "LHC machine",
      journal         = "JINST",
      year         = 2008,
      volume = 3,
      pages = "S08001",
      doi         = "10.1088/1748-0221/3/08/S08001",
    }

    @article{atlasHighMassWW,
      author         = "{ATLAS Collaboration}",
      title         = "Search for a high-mass Higgs boson in the $\Higgs \rightarrow \W \W \rightarrow \ell \nu \ell \nu$ decay channel with the {ATLAS} detector using $21\fbinv$ of proton-proton collision data",
      journal         = "ATLAS-CONF-2013-067",
      year         = "CERN, Geneva, 2013",
      cds          = 1562879,
    }

    @article{higgsSinglet,
      author         = "Pruna, G. M. and Robens, T.",
      title         = "The {Higgs} singlet extension parameter space in the light of the {LHC} discovery",
      journal         = "PSI-PR-13-03",
      year         = 2013,
      eprint = "1303.1150",
      archivePrefix = "arXiv",
      primaryClass = "hep-ph",
    }

    @article{cmsWW,
      author         = "{CMS Collaboration}",
      title         = "Update on the search for the standard model {H}iggs boson in $\p \p$ collisions at the {LHC} decaying to $\W^+ \W^-$ in the fully leptonic final state",
      journal         = "CMS-PAS-HIG-13-003",
      year         = "CERN, Geneva, 2013",
      year         = 2013,
      cds = 1523673,
    }

    @article{cmsZZ2l2nu,
      author         = "{CMS Collaboration}",
      title         = "Search for a heavy {H}iggs boson in the $\Higgs \rightarrow \Z \Z \rightarrow 2 \ell 2 \nu$ channel in $\p \p$ collisions at $\sqrt{s} = 7$ and $8\TeV$",
      journal         = "CMS-PAS-HIG-13-014",
      year         = "CERN, Geneva, 2013",
      year         = 2013,
      cds = 1546776,
    }

    @article{celis2HDM,
      author         = "Celis, A. and Ilisie, V. and Pich, A.",
      title         = "{LHC} constraints on two-{H}iggs doublet models",
      journal         = "JHEP",
      volume         = 1307,
      year         = 2013,
      pages         = 053,
      eprint = "1302.4022",
      archivePrefix = "arXiv",
      primaryClass = "hep-ph",
      doi = "10.1007/JHEP07(2013)053",
    }

    @inproceedings{ferreira2HDM,
      author         = "Ferreira, P. M. and Santos, R. and Sher, M. and Silva, J. P.",
      title         = "2{HDM} confronting {LHC} data",
      booktitle = "48th Rencontres de Moriond on QCD and High Energy Interactions",
      year         = 2013,
      eprint = "1305.4587",
      archivePrefix = "arXiv",
      primaryClass = "hep-ph",
    }

    @article{cmsChargedHiggs,
      author         = "{CMS Collaboration}",
      title         = "Updated search for a light charged {H}iggs boson in top quark decays in $\p \p$ collisions at $\sqrt{s} = 7\TeV$",
      journal         = "CMS-PAS-HIG-12-052",
      year         = 2012,
      cds = 1502246,
    }

    @article{atlasChargedHiggsCS,
      author         = "{ATLAS Collaboration}",
      title         = "Search for a light charged {H}iggs boson in the decay channel $\Higgs^+ \rightarrow \cQ \sQBar$ in $\tQ \tQBar$ events using $\p \p$ collisions at $\sqrt{s} = 7\TeV$ with the {ATLAS} detector",
      journal         = "Eur. Phys. J. C",
      volume         = 73,
      year         = 2013,
      pages         = 2465,
      eprint = "1302.3694",
      archivePrefix = "arXiv",
      primaryClass = "hep-ex",
      doi = "10.1140/epjc/s10052-013-2465-z",
    }

    @article{atlasChargedHiggsUniversalityViolation,
      author         = "{ATLAS Collaboration}",
      title         = "Search for charged {H}iggs bosons through the violation of lepton universality in $\tQ \tQBar$ events using $\p \p$ collision data at $\sqrt{s} = 7\TeV$ with the {ATLAS} experiment",
      journal         = "JHEP",
      volume         = 3,
      year         = 2013,
      pages         = 76,
      eprint = "1212.3572",
      archivePrefix = "arXiv",
      primaryClass = "hep-ex",
      doi = "10.1007/JHEP03(2013)076",
    }

    @article{atlasChargedHiggs,
      author         = "{ATLAS Collaboration}",
      title         = "Search for charged {H}iggs bosons decaying via $\Higgs^\pm \rightarrow \tau \nu$ in $\tQ \tQBar$ events using $\p \p$ collision data at $\sqrt{s} = 7\TeV$ with the {ATLAS} detector",
      journal         = "JHEP",
      volume         = 1206,
      year         = 2012,
      pages         = 39,
      eprint = "1204.2760",
      archivePrefix = "arXiv",
      primaryClass = "hep-ex",
      doi = "10.1007/JHEP06(2012)039",
    }

    @article{atlas2HDM,
      author         = "{ATLAS Collaboration}",
      title         = "Search for {H}iggs bosons in two-{H}iggs-doublet models in the $\Higgs \rightarrow \W \W \rightarrow \eL \nu \mu \nu$ channel with the {ATLAS} detector",
      journal         = "ATLAS-CONF-2013-027",
      year = "CERN, Geneva, 2013",
      cds = 1525887,
    }

    @article{atlasMSSMHiggs,
      author         = "{ATLAS Collaboration}",
      title         = "Search for the neutral {H}iggs bosons of the minimal supersymmetric standard model in $\p \p$ collisions at $\sqrt{s} = 7\TeV$ with the {ATLAS} detector",
      journal         = "JHEP",
      volume = 2,
      year = 2013,
      pages         = 95,
      eprint = "1211.6956",
      archivePrefix = "arXiv",
      primaryClass = "hep-ex",
      doi = "10.1007/JHEP02(2013)095",
    }

    @article{atlasFCNC,
      author         = "{ATLAS Collaboration}",
      title         = "Search for flavour changing neutral currents in top quark decays $\tQ \rightarrow \cQ \Higgs$, with $\Higgs \rightarrow \gamma \gamma$, and limit on the $\tQ \cQ \Higgs$ coupling with the {ATLAS} detector at the {LHC}",
      journal         = "ATLAS-CONF-2013-081",
      year = "CERN, Geneva, 2013",
      cds = 1565103,
    }

    @article{cmsMSSMHiggsMuMu,
      author         = "{CMS Collaboration}",
      title         = "Search for neutral {MSSM} {H}iggs bosons in the $\mu^+ \mu^-$ final state with the {CMS} experiment in $\p \p$ collisions at $\sqrt{s} = 7\TeV$",
      journal         = "CMS-PAS-HIG-12-011",
      year = "CERN, Geneva, 2012",
      cds = 1453716,
    }

    @article{cmsMSSMHiggsTauTau,
      author         = "{CMS Collaboration}",
      title         = "Search for {MSSM} neutral {H}iggs bosons decaying to tau pairs in $\p \p$ collisions",
      journal         = "CMS-PAS-HIG-12-050",
      year = "CERN, Geneva, 2012",
      cds = 1493521,
    }

    @article{cmsMSSMHiggsBB,
      author         = "{CMS Collaboration}",
      title         = "Search for a {H}iggs boson decaying into a $\bQ$-quark pair and produced in association with $\bQ$ quarks in proton-proton collisions at $7\TeV$",
      journal         = "Phys. Lett. B",
      volume = 722,
      year = 2013,
      pages = 207,
      eprint = "1302.2892",
      archivePrefix = "arXiv",
      primaryClass = "hep-ex",
      doi = "10.1016/j.physletb.2013.04.017",
    }
